2026 3016
115 183 287 230 traderenlur.
323 184 418 228 Horum
429 183 507 230 etiam
518 181 644 229 interesse
656 163 802 244 videbatur,
821 183 850 228 ut
868 182 895 229 iu
907 183 962 228 ein-

115 264 182 320 gulie
203 262 328 310 derivatis
344 263 504 320 alphabetico
521 249 624 308 ratione
640 265 788 308 memoratin
806 264 838 308 nd
856 263 961 309 'radices

116 343 307 402 ablegarentur,
316 343 459 402 ubicunque
470 343 680 401 aliquaeubuasci
690 343 805 401 potuerit
817 342 962 400 dubitati03

116 427 144 466 ut
163 426 249 468 autem
269 423 362 468 chortis
379 429 543 482 parceretur,
568 421 674 469 nomina
691 423 796 482 propria
812 423 963 480 plerumque

116 502 202 548 ntetim
220 503 308 548 notavi
321 502 418 564 iieque,
439 503 467 549 in
479 507 600 562 quantum
611 510 681 550 certo
692 505 748 550 lieri
763 503 859 563 potuit,
875 505 962 561 expli-

116 582 240 628 cationem
252 582 371 640 adjunxi.
405 584 435 628 ln
452 596 544 630 vocum
561 589 646 632 entem
663 584 876 647 interpretatione
894 584 961 630 nibil

118 664 181 708 duxi
192 663 332 722 arrtiquiue,
342 677 415 722 quam
427 677 515 710 omnen
523 677 610 710 earum
621 664 826 723 significationen
835 664 908 722 justo
920 678 962 710 or-

117 744 193 806 dine,
211 758 261 800 quo
273 745 340 790 aliae
351 744 415 789 aliea
426 743 571 802 excipient,
583 745 717 804 complecti
730 745 876 800 variamque
887 752 964 802 pote-

118 827 209 870 ntatem
217 830 243 872 et
254 825 419 884 perepicueet
426 824 540 870 breviter
550 817 575 880 *)
583 837 716 872 recensere
724 841 731 885 3
740 825 853 872 abstinui
864 838 924 870 vero
933 824 964 869 ab

120 906 237 951 omnibus
249 906 370 951 Virorum
381 905 446 961 BD„
459 919 523 964 quae
542 905 648 950 nonnini
659 905 690 950 ad
702 905 908 963 probabilitatem
922 917 965 950 nc-

117 987 220 1046 cedunt,
233 983 432 1043 eententiin,ita
444 989 516 1030 utne
529 984 587 1042 quid
604 985 748 1032 omitterem
765 985 865 1043 quidem
871 1016 879 1044 ,
896 985 963 1043 quod

117 1067 192 1123 hujus
208 1065 292 1111 libelli
309 1063 472 1110 institutioni
484 1064 518 1109 nit
529 1068 761 1122 accommodatum,
782 1079 866 1125 neque
877 1070 964 1112 tumen

120 1148 274 1207 reciperem,
293 1147 360 1204 quod
371 1149 401 1192 ab
420 1159 451 1191 ea
462 1147 583 1193 alienum.
617 1147 734 1203 Denique
750 1148 870 1195 lubenter
885 1149 964 1208 proli-

116 1229 182 1290 leor,
194 1227 332 1287 particulae
345 1227 404 1272 itaa
417 1241 455 1272 nne
466 1229 673 1284 tractatarum,
689 1232 717 1273 ut
733 1229 764 1273 ad
776 1241 864 1274 earum
874 1229 925 1274 vim
936 1233 964 1274 et

118 1314 234 1356 rraturanr
253 1309 338 1366 potius
350 1307 462 1352 animum
477 1307 639 1354 adverterem
645 1337 653 1362 ,
671 1321 745 1364 quam
757 1309 845 1356 lutinie
864 1311 964 1355 tentum

117 1391 237 1450 vocibus,
254 1403 318 1446 quae
329 1388 384 1434 illis
396 1388 585 1445 aliquantulum
596 1389 795 1451 responderent,
807 1390 965 1447 interpreta-

117 1485 167 1518 rer.
202 1469 230 1515 Si
242 1483 291 1526 qua
302 1469 371 1516 enim
382 1469 409 1514 in
420 1483 464 1530 re,
481 1474 550 1514 certe
562 1468 589 1514 iu
601 1467 647 1512 lenc
664 1472 737 1524 parte
754 1467 820 1514 artie
836 1481 965 1526 gramma·

116 1549 182 1599 ticae
196 1551 355 1596 exstiterunt
372 1552 463 1595 ucetra
475 1547 626 1594 aetuteriri
642 1547 786 1608 principer,
804 1561 839 1596 ex
855 1563 963 1606 quoruru

120 1631 213 1677 etudiie
222 1631 275 1688 jam
286 1627 409 1676 uberrimi
427 1629 457 1674 ad
475 1628 576 1674 achelon
587 1627 762 1674 redundarunt
779 1630 888 1676 lructna.
922 1632 964 1678 Au

118 1726 179 1760 vcro
192 1712 286 1758 scholia
297 1711 338 1756 bic
348 1723 448 1768 quoque
460 1709 540 1760 liber,
559 1709 631 1767 cujun
648 1709 745 1768 optimc
757 1723 816 1768 pare
831 1711 886 1756 illia
899 1711 964 1758 vir-ie

118 1794 240 1851 debetur,
257 1789 355 1848 aliquid
368 1789 534 1834 emolumenti
546 1791 638 1836 efferre
649 1793 739 1852 queat,
756 1792 829 1848 nequi
845 1791 964 1848 iudicent

118 1887 147 1919 nc
158 1865 276 1918 benevoli
288 1869 396 1928 arbitri,
414 1881 477 1926 quoa
486 1869 586 1924 J'uvabit
596 1870 752 1926 meminime,
764 1872 868 1918 inciline
880 1873 965 1920 inter.

118 1955 175 2000 dum
187 1965 244 1998 enee
258 1949 363 2008 prolixe
380 1950 417 1993 uti
435 1947 569 2007 cretione,
587 1961 659 2004 quam
677 1951 764 2008 poncia
780 1964 832 1996 rem
845 1965 965 2010 compre-

118 2037 228 2083 hendere
240 2037 330 2080 etcum
342 2029 470 2078 brevitate
483 2031 642 2088 conjungere
653 2031 861 2088 perspicuitatem

118 2141 320 2157 ,.-..-.-

146 2203 165 2247 ’l
181 2198 235 2240 lden
246 2195 380 2251 compendia
392 2195 550 2239 vocabulorum
566 2197 645 2238 crebro
655 2193 746 2236 ndbibni
761 2207 803 2236 unu
817 2201 910 2250 recepta
921 2198 962 2243 iim

173 2285 198 2313 nc
208 2271 265 2312 entia
274 2274 335 2310 ncta.
365 2265 439 2308 Unum
448 2264 521 2306 refert
535 2277 640 2314 monere,
656 2264 713 2318 qnml
724 2262 760 2306 hic
772 2249 855 2312 illicit
872 2245 964 2321 0ξῆΒῇ

172 2335 368 2394 allucinatum
385 2335 512 2376 uriminibnn
535 2332 606 2380 helin,
624 2345 680 2387 quiae
695 2346 745 2376 curru
760 2333 813 2376 aliie
834 2325 963 2376 nominibus

174 2408 294 2462 conjuncta
304 2406 433 2448 adnotatum
442 2403 534 2458 capiunt
542 2402 698 2456 nipnifleatnnr.

440 2605 643 2616 ...mun—um·-
